% This file was created with JabRef 2.10b2.
% Encoding: UTF-8


@Article{Deledalle:2012,
 title = {How to Compare Noisy Patches? Patch Similarity Beyond Gaussian Noise},
 author = {Deledalle, Charles-Alban and Denis, Lo\"{\i}c and Tupin, Florence},
 Journal = {Int. J. Comput. Vision},
 year = {2012},
 volume = {99},
 number = {1},
 month = aug,
 pages = {86--102},
 issn = {0920-5691},
 numpages = {17},
 doi = {10.1007/s11263-012-0519-6},
 acmid = {2317271},
} 


@article{Sabater:2012,
 author = {Sabater, Neus and Almansa, Andres and Morel, Jean-Michel},
 title = {Meaningful Matches in Stereovision},
 journal = {IEEE Trans. Pattern Anal. Mach. Intell.},
 issue_date = {May 2012},
 volume = {34},
 number = {5},
 month = may,
 year = {2012},
 issn = {0162-8828},
 pages = {930--942},
 numpages = {13},
 url = {http://dx.doi.org/10.1109/TPAMI.2011.207},
 doi = {10.1109/TPAMI.2011.207},
 acmid = {2197304},
 publisher = {IEEE Computer Society},
 address = {Washington, DC, USA},
 keywords = {Stereo vision, block matching, number of false alarms (NFA), a contrario detection.},
} 

@article {Buades:2005,
    AUTHOR = {Buades, A. and Coll, B. and Morel, J-M.},
     TITLE = {A review of image denoising algorithms, with a new one},
   JOURNAL = {Multiscale Model. Simul.},
  FJOURNAL = {Multiscale Modeling \& Simulation. A SIAM Interdisciplinary
              Journal},
    VOLUME = {4},
      YEAR = {2005},
    NUMBER = {2},
     PAGES = {490--530 (electronic)},
      ISSN = {1540-3459},
   MRCLASS = {94A08 (62H35)},
  MRNUMBER = {MR2162865},
}

@INPROCEEDINGS{Dabov:2006,
    author = {Kostadin Dabov and Alessandro Foi and Vladimir Katkovnik and Karen Egiazarian},
    title = { Image denoising with block-matching and 3D filtering},
    booktitle = {IN ELECTRONIC IMAGINGâ€™06, PROC. SPIE 6064, NO. 6064A-30},
    year = {2006},
    publisher = {}
}

